Automatically generated by Mendeley Desktop 1.16.1
Any changes to this file will be lost if it is regenerated by Mendeley.

BibTeX export options can be customized via Options -> BibTeX in Mendeley Desktop

@article{Buldas2014,
author = {Buldas, Ahto and Truu, Ahto and Laanoja, Risto and Gerhards, Rainer},
doi = {10.1007/978-3-319-11599-3},
file = {},
isbn = {9783319115993},
journal = {Lect. Notes Comput. Sci.},
keywords = {applied security,crypto-,graphic time-stamps,keyless signatures,rsyslog,secure logging,syslog},
pages = {149--164},
title = {{Efficient Record-Level Keyless Signatures}},
volume = {8788},
year = {2014}
}
